<record><leader>00000cas a22000007a 4500</leader><controlfield tag="001">10561177</controlfield><controlfield tag="008">840326c19679999meudn ne      0   a0eng d</controlfield><datafield ind1=" " ind2=" " tag="010"><subfield code="a">sn 84007759 </subfield></datafield><datafield ind1=" " ind2=" " tag="040"><subfield code="a">NSD</subfield><subfield code="b">eng</subfield><subfield code="c">NSD</subfield><subfield code="d">MGN</subfield><subfield code="d">MBN</subfield><subfield code="d">OCLCQ</subfield><subfield code="d">OCLCF</subfield><subfield code="d">OCLCO</subfield></datafield><datafield ind1=" " ind2=" " tag="012"><subfield code="m">1</subfield></datafield><datafield ind1="1" ind2=" " tag="022"><subfield code="a">0747-1300</subfield><subfield code="l">0747-1300</subfield><subfield code="2">1</subfield></datafield><datafield ind1="1" ind2=" " tag="029"><subfield code="a">AU@</subfield><subfield code="b">000020332971</subfield></datafield><datafield ind1=" " ind2=" " tag="032"><subfield code="a">045320</subfield><subfield code="b">USPS</subfield></datafield><datafield ind1=" " ind2=" " tag="037"><subfield code="b">Times Record, POB 10, Brunswick, Me. 04011-0010</subfield></datafield><datafield ind1=" " ind2=" " tag="042"><subfield code="a">nsdp</subfield><subfield code="a">msc</subfield></datafield><datafield ind1=" " ind2=" " tag="043"><subfield code="a">n-us-me</subfield></datafield><datafield ind1="0" ind2=" " tag="130"><subfield code="a">Times record (Brunswick, Me.)</subfield></datafield><datafield ind1=" " ind2="4" tag="222"><subfield code="a">The Times record</subfield><subfield code="b">(Brunswick, Me.)</subfield></datafield><datafield ind1="1" ind2="4" tag="245"><subfield code="a">The Times record.</subfield></datafield><datafield ind1="1" ind2="3" tag="246"><subfield code="a">Bath-Brunswick times record</subfield></datafield><datafield ind1=" " ind2=" " tag="260"><subfield code="a">Brunswick, Me. :</subfield><subfield code="b">Brunswick Pub. Co.</subfield></datafield><datafield ind1=" " ind2=" " tag="300"><subfield code="a">v.</subfield></datafield><datafield ind1=" " ind2=" " tag="310"><subfield code="a">Daily (except Sat., Sun., holidays)</subfield></datafield><datafield ind1="0" ind2=" " tag="362"><subfield code="a">Vol. 1, no. 1 (Feb. 6, 1967)-</subfield></datafield><datafield ind1=" " ind2=" " tag="580"><subfield code="a">Formed by the union of: Bath daily times, and: Brunswick record.</subfield></datafield><datafield ind1=" " ind2="0" tag="651"><subfield code="a">Brunswick (Me.)</subfield><subfield code="v">Newspapers.</subfield></datafield><datafield ind1=" " ind2="7" tag="655"><subfield code="a">Newspapers.</subfield><subfield code="2">fast</subfield><subfield code="0">(OCoLC)fst01423814</subfield></datafield><datafield ind1=" " ind2="7" tag="651"><subfield code="a">Maine</subfield><subfield code="z">Brunswick.</subfield><subfield code="2">fast</subfield><subfield code="0">(OCoLC)fst01214654</subfield></datafield><datafield ind1=" " ind2=" " tag="752"><subfield code="a">United States</subfield><subfield code="b">Maine</subfield><subfield code="c">Cumberland</subfield><subfield code="d">Brunswick.</subfield></datafield><datafield ind1="1" ind2="4" tag="780"><subfield code="t">Bath daily times</subfield><subfield code="w">(DLC)sn 82014362</subfield></datafield><datafield ind1="1" ind2="4" tag="780"><subfield code="t">Brunswick record</subfield><subfield code="w">(DLC)sn 93059154</subfield></datafield><datafield ind1=" " ind2=" " tag="936"><subfield code="a">Vol. 19, no. 53 (Mar. 15, 1984)</subfield></datafield></record>